%YAML 1.1
%TAG !u! tag:unity3d.com,2011:
--- !u!243 &-6587427424105083133
AudioMixerGroupController:
  m_ObjectHideFlags: 0
  m_CorrespondingSourceObject: {fileID: 0}
  m_PrefabInstance: {fileID: 0}
  m_PrefabAsset: {fileID: 0}
  m_Name: Sfx
  m_AudioMixer: {fileID: 24100000}
  m_GroupID: f7335db9512067d41a7ab670936aeae1
  m_Children: []
  m_Volume: 6a1fc4d0d9c6357449b569ee2266ea2c
  m_Pitch: 429c968f4cbda5744b5baad90ddedde5
  m_Send: 00000000000000000000000000000000
  m_Effects:
  - {fileID: 8369250051706785942}
  m_UserColorIndex: 0
  m_Mute: 0
  m_Solo: 0
  m_BypassEffects: 0
--- !u!241 &24100000
AudioMixerController:
  m_ObjectHideFlags: 0
  m_CorrespondingSourceObject: {fileID: 0}
  m_PrefabInstance: {fileID: 0}
  m_PrefabAsset: {fileID: 0}
  m_Name: AudioMixer
  m_OutputGroup: {fileID: 0}
  m_MasterGroup: {fileID: 24300002}
  m_Snapshots:
  - {fileID: 24500006}
  m_StartSnapshot: {fileID: 24500006}
  m_SuspendThreshold: -80
  m_EnableSuspend: 1
  m_UpdateMode: 0
  m_ExposedParameters:
  - guid: 3756e2fde14343c4998fe88b5ce629ae
    name: MusicVolume
  - guid: 6a1fc4d0d9c6357449b569ee2266ea2c
    name: SfxVolume
  m_AudioMixerGroupViews:
  - guids:
    - 31b2f532b84da444fba13d93bb4a80b4
    - a2c2ed5ae1d96aa47bf7795c9089a5c7
    - f7335db9512067d41a7ab670936aeae1
    name: View
  m_CurrentViewIndex: 0
  m_TargetSnapshot: {fileID: 24500006}
--- !u!243 &24300002
AudioMixerGroupController:
  m_ObjectHideFlags: 0
  m_CorrespondingSourceObject: {fileID: 0}
  m_PrefabInstance: {fileID: 0}
  m_PrefabAsset: {fileID: 0}
  m_Name: Master
  m_AudioMixer: {fileID: 24100000}
  m_GroupID: 31b2f532b84da444fba13d93bb4a80b4
  m_Children:
  - {fileID: 7058005932790199499}
  - {fileID: -6587427424105083133}
  m_Volume: 1ae7c6b0054dcc248b2af09474aab0f7
  m_Pitch: 3f19df2b63d177d4d80591c9085ad74d
  m_Send: 00000000000000000000000000000000
  m_Effects:
  - {fileID: 24400004}
  m_UserColorIndex: 0
  m_Mute: 0
  m_Solo: 0
  m_BypassEffects: 0
--- !u!244 &24400004
AudioMixerEffectController:
  m_ObjectHideFlags: 3
  m_CorrespondingSourceObject: {fileID: 0}
  m_PrefabInstance: {fileID: 0}
  m_PrefabAsset: {fileID: 0}
  m_Name: 
  m_EffectID: 9ea036b2341914f4ab70a6d1385ccbf8
  m_EffectName: Attenuation
  m_MixLevel: 6392e4d7699d7494cb1ad9da47ff31c5
  m_Parameters: []
  m_SendTarget: {fileID: 0}
  m_EnableWetMix: 0
  m_Bypass: 0
--- !u!245 &24500006
AudioMixerSnapshotController:
  m_ObjectHideFlags: 0
  m_CorrespondingSourceObject: {fileID: 0}
  m_PrefabInstance: {fileID: 0}
  m_PrefabAsset: {fileID: 0}
  m_Name: Snapshot
  m_AudioMixer: {fileID: 24100000}
  m_SnapshotID: e54c31ca88c4743438425e79dd17b014
  m_FloatValues: {}
  m_TransitionOverrides: {}
--- !u!243 &7058005932790199499
AudioMixerGroupController:
  m_ObjectHideFlags: 0
  m_CorrespondingSourceObject: {fileID: 0}
  m_PrefabInstance: {fileID: 0}
  m_PrefabAsset: {fileID: 0}
  m_Name: Music
  m_AudioMixer: {fileID: 24100000}
  m_GroupID: a2c2ed5ae1d96aa47bf7795c9089a5c7
  m_Children: []
  m_Volume: 3756e2fde14343c4998fe88b5ce629ae
  m_Pitch: 415693c3b12653a449aeff0446ae707e
  m_Send: 00000000000000000000000000000000
  m_Effects:
  - {fileID: 8637969655162339119}
  m_UserColorIndex: 0
  m_Mute: 0
  m_Solo: 0
  m_BypassEffects: 0
--- !u!244 &8369250051706785942
AudioMixerEffectController:
  m_ObjectHideFlags: 3
  m_CorrespondingSourceObject: {fileID: 0}
  m_PrefabInstance: {fileID: 0}
  m_PrefabAsset: {fileID: 0}
  m_Name: 
  m_EffectID: 7b2a46ede7ea7d146b8aaa831f719bcd
  m_EffectName: Attenuation
  m_MixLevel: 67fcb1bea7bef3943a3669b8c9d1bcb7
  m_Parameters: []
  m_SendTarget: {fileID: 0}
  m_EnableWetMix: 0
  m_Bypass: 0
--- !u!244 &8637969655162339119
AudioMixerEffectController:
  m_ObjectHideFlags: 3
  m_CorrespondingSourceObject: {fileID: 0}
  m_PrefabInstance: {fileID: 0}
  m_PrefabAsset: {fileID: 0}
  m_Name: 
  m_EffectID: 731dd112252f22f469fbfa5c3d106f1b
  m_EffectName: Attenuation
  m_MixLevel: c93c411bee8daee46b1e809d9cf9acbd
  m_Parameters: []
  m_SendTarget: {fileID: 0}
  m_EnableWetMix: 0
  m_Bypass: 0
